@misc{kalibr,
    author = {P. Furgale{,} H. Sommer{,} J. Maye{,} J. Rehder{,} T. Schneider{,} L. Oth},
    year = {2014},
    title = {Kalibr - toolbox for calibration problems},
    howpublished = "\url{https://github.com/ethz-asl/kalibr}"
}
@misc{ubuntu_upgrade,
    author = {Bob Davis},
    year = {2021},
    title = {Install Ubuntu 20.04 on Jetson Nano},
    howpublished = "\url{https://qengineering.eu/install-ubuntu-20.04-on-jetson-nano.html}"
}